@article{Ghate2013CulturalNC,
  title={Cultural norms, cooperation, and communication: Taking experiments to the field in indigenous communities},
  author={Rucha Ghate and S. H. Ghate and E. Ostrom},
  journal={The International Journal of the Commons},
  year={2013},
  volume={7},
  pages={498-520},
  url={https://api.semanticscholar.org/CorpusID:54717731},
  note={\url{https://rb.gy/ykperm}}}
}


@article{Gatiso2015ResourceSA,
  title={Resource scarcity and democratic elections in commons dilemmas: An experiment on forest use in Ethiopia},
  author={Tsegaye T. Gatiso and Bj{\"o}rn Vollan and Ernst-August Nuppenau},
  journal={Ecological Economics},
  year={2015},
  volume={114},
  pages={199-207},
  url={https://api.semanticscholar.org/CorpusID:155012795},
  note={\url{https://rb.gy/rxeac0}}}
}


@article{IPCC2023,
  title={Summary for Policymakers},
  author={{Intergovernmental Panel on Climate Change (IPCC)}},
  journal={In: Climate Change 2023: Synthesis Report. Contribution of Working Groups I, II and III to the Sixth Assessment Report of the Intergovernmental Panel on Climate Change},
  editor={Core Writing Team, H. Lee and J. Romero (eds.)},
  publisher={IPCC, Geneva, Switzerland},
  pages={1--34},
  year={2023},
  doi={10.59327/IPCC/AR6-9789291691647.001}
}


@article{Prediger2014,
  title={The Impact of Exposure to Scarcity on Antisocial Behavior},
  author={Prediger, Sebastian and Vollan, Bjoern and Herrmann, Benedikt},
  journal={Journal of Public Economics},
  volume={119},
  pages={1--9},
  year={2014},
  doi={10.1016/j.jpubeco.2014.07.007},
  publisher={Elsevier B.V.},
  note={Â© 2014 Elsevier B.V. All rights reserved.},
  url={http://dx.doi.org/10.1016/j.jpubeco.2014.07.007}
}

@article{milfont2010,
  author       = {Taciano L. Milfont and John Duckitt},
  title        = {The environmental attitudes inventory: A valid and reliable measure to assess the structure of environmental attitudes},
  journal      = {Journal of Environmental Psychology},
  volume       = {30},
  number       = {1},
  pages        = {80-94},
  year         = {2010},
  publisher    = {Elsevier},
  doi          = {10.1016/j.jenvp.2009.09.001},
}


@article{HineGifford1996,
  author = {Hine, Donald W. and Gifford, Robert},
  title = {Individual Restraint and Group Efficiency in Commons Dilemmas: The Effects of Two Types of Environmental Uncertainty},
  journal = {Journal of Applied Social Psychology},
  year = {1996},
  volume = {26},
  number = {11},
  pages = {993-1009},
  publisher = {V. H. Winston & Son, Inc.}
}


@article{Milfont2010TheHO,
  title={The Higher Order Structure of Environmental Attitudes: A Cross-Cultural Examination},
  author={Taciano L. Milfont and J. H. Duckitt and Claire Wagner},
  journal={Interamerican Journal of Psychology},
  year={2010},
  volume={44},
  pages={263-273},
  url={https://api.semanticscholar.org/CorpusID:59149978}
}


@article{andre2022misperceived,
  title={Misperceived Social Norms and Willingness to Act Against Climate Change},
  author={Andre, Peter and Boneva, Teodora and Chopra, Felix and Falk, Armin},
  journal={Econtribute Discuss. Pap},
  year={2022}
}

@article{falk2018global,
  title={Global evidence on economic preferences},
  author={Falk, Armin and Becker, Anke and Dohmen, Thomas and Enke, Benjamin and Huffman, David and Sunde, Uwe},
  journal={The Quarterly Journal of Economics},
  volume={133},
  number={4},
  pages={1645--1692},
  year={2018},
  publisher={Oxford University Press}
}

@article{Falk2021FightingCC,
  title={Fighting Climate Change: The Role of Norms, Preferences, and Moral Values},
  author={Armin Falk and Peter Andr{\'e} and Teodora Boneva and Felix Chopra},
  journal={CESifo: Labour Markets (Topic)},
  year={2021},
  url={https://api.semanticscholar.org/CorpusID:236152995},
  note={\url{https://www.econtribute.de/RePEc/ajk/ajkdps/ECONtribute_101_2021.pdf}}}
}












